@book{efron2021computer,
  title={Computer age statistical inference, student edition: algorithms, evidence, and data science},
  author={Efron, Bradley and Hastie, Trevor},
  volume={6},
  year={2021},
  publisher={Cambridge University Press}
}

@article{hastie2020ridge,
  title={Ridge regularization: An essential concept in data science},
  author={Hastie, Trevor},
  journal={Technometrics},
  volume={62},
  number={4},
  pages={426--433},
  year={2020},
  publisher={Taylor \& Francis}
}

@incollection{james1992estimation,
  title={Estimation with quadratic loss},
  author={James, William and Stein, Charles},
  booktitle={Breakthroughs in statistics: Foundations and basic theory},
  pages={443--460},
  year={1992},
  publisher={Springer}
}

@book{james2013introduction,
  title={An introduction to statistical learning},
  author={James, Gareth and Witten, Daniela and Hastie, Trevor and Tibshirani, Robert and others},
  volume={112},
  year={2013},
  publisher={Springer}
}

@book{hastie2009elements,
  title={The elements of statistical learning: data mining, inference, and prediction},
  author={Hastie, Trevor and Tibshirani, Robert and Friedman, Jerome H and Friedman, Jerome H},
  volume={2},
  year={2009},
  publisher={Springer}
}

@book{efron2012large,
  title={Large-scale inference: empirical Bayes methods for estimation, testing, and prediction},
  author={Efron, Bradley},
  volume={1},
  year={2012},
  publisher={Cambridge University Press}
}